{"e":"bookTicker","u":1875301680681,"s":"TURBOUSDT","b":"0.3261","B":"221145.5","a":"0.3262","A":"30331.0","T":1662022802241,"E":1662022802247}
{"e":"bookTicker","u":1875301680837,"s":"TURBOUSDT","b":"0.3261","B":"238784.4","a":"0.3262","A":"30331.0","T":1662022802244,"E":1662022802253}
{"e":"bookTicker","u":1875301681614,"s":"TURBOUSDT","b":"0.3261","B":"238784.4","a":"0.3262","A":"24273.3","T":1662022802260,"E":1662022802265}
{"e":"bookTicker","u":1875301682340,"s":"TURBOUSDT","b":"0.3261","B":"238784.4","a":"0.3262","A":"29273.3","T":1662022802275,"E":1662022802281}
{"e":"bookTicker","u":1875301683673,"s":"TURBOUSDT","b":"0.3261","B":"238784.4","a":"0.3262","A":"24273.3","T":1662022802305,"E":1662022802311}
{"e":"bookTicker","u":1875301683745,"s":"TURBOUSDT","b":"0.3261","B":"237935.3","a":"0.3262","A":"24273.3","T":1662022802306,"E":1662022802311}
{"e":"bookTicker","u":1875301684332,"s":"TURBOUSDT","b":"0.3261","B":"235119.3","a":"0.3262","A":"24273.3","T":1662022802320,"E":1662022802326}
{"e":"bookTicker","u":1875301684821,"s":"TURBOUSDT","b":"0.3261","B":"238837.5","a":"0.3262","A":"24273.3","T":1662022802331,"E":1662022802337}
{"e":"bookTicker","u":1875301685702,"s":"TURBOUSDT","b":"0.3261","B":"221198.6","a":"0.3262","A":"24273.3","T":1662022802353,"E":1662022802358}
{"e":"bookTicker","u":1875301686899,"s":"TURBOUSDT","b":"0.3261","B":"221198.6","a":"0.3262","A":"33773.3","T":1662022802384,"E":1662022802389}
{"e":"bookTicker","u":1875301687187,"s":"TURBOUSDT","b":"0.3261","B":"221198.6","a":"0.3262","A":"24273.3","T":1662022802390,"E":1662022802396}
{"e":"bookTicker","u":1875301688431,"s":"TURBOUSDT","b":"0.3261","B":"239757.8","a":"0.3262","A":"24273.3","T":1662022802412,"E":1662022802417}
{"e":"bookTicker","u":1875301690535,"s":"TURBOUSDT","b":"0.3261","B":"221198.6","a":"0.3262","A":"24273.3","T":1662022802457,"E":1662022802463}
{"e":"bookTicker","u":1875301690918,"s":"TURBOUSDT","b":"0.3261","B":"221224.4","a":"0.3262","A":"24273.3","T":1662022802467,"E":1662022802472}
{"e":"bookTicker","u":1875301692966,"s":"TURBOUSDT","b":"0.3261","B":"221190.7","a":"0.3262","A":"24273.3","T":1662022802525,"E":1662022802531}
{"e":"bookTicker","u":1875301693387,"s":"TURBOUSDT","b":"0.3261","B":"221244.3","a":"0.3262","A":"24273.3","T":1662022802537,"E":1662022802542}
{"e":"bookTicker","u":1875301697267,"s":"TURBOUSDT","b":"0.3261","B":"244739.7","a":"0.3262","A":"24273.3","T":1662022802646,"E":1662022802649}
{"e":"bookTicker","u":1875301699891,"s":"TURBOUSDT","b":"0.3261","B":"244921.2","a":"0.3262","A":"24273.3","T":1662022802704,"E":1662022802708}
{"e":"bookTicker","u":1875301700109,"s":"TURBOUSDT","b":"0.3261","B":"244590.3","a":"0.3262","A":"24273.3","T":1662022802709,"E":1662022802714}
{"e":"bookTicker","u":1875301700479,"s":"TURBOUSDT","b":"0.3261","B":"244590.3","a":"0.3262","A":"29273.3","T":1662022802716,"E":1662022802722}
{"e":"bookTicker","u":1875301701351,"s":"TURBOUSDT","b":"0.3261","B":"244590.3","a":"0.3262","A":"38773.3","T":1662022802743,"E":1662022802749}
{"e":"bookTicker","u":1875301701818,"s":"TURBOUSDT","b":"0.3261","B":"244590.3","a":"0.3262","A":"48273.3","T":1662022802755,"E":1662022802759}
{"e":"bookTicker","u":1875301701871,"s":"TURBOUSDT","b":"0.3261","B":"244590.3","a":"0.3262","A":"43273.3","T":1662022802757,"E":1662022802760}
{"e":"bookTicker","u":1875301701889,"s":"TURBOUSDT","b":"0.3261","B":"244590.3","a":"0.3262","A":"52773.3","T":1662022802757,"E":1662022802761}
{"e":"bookTicker","u":1875301704092,"s":"TURBOUSDT","b":"0.3261","B":"242590.3","a":"0.3262","A":"52773.3","T":1662022802809,"E":1662022802815}
{"e":"bookTicker","u":1875301704126,"s":"TURBOUSDT","b":"0.3261","B":"240590.3","a":"0.3262","A":"52773.3","T":1662022802810,"E":1662022802817}
{"e":"bookTicker","u":1875301704575,"s":"TURBOUSDT","b":"0.3261","B":"241590.3","a":"0.3262","A":"52773.3","T":1662022802821,"E":1662022802826}
{"e":"bookTicker","u":1875301704760,"s":"TURBOUSDT","b":"0.3261","B":"241486.4","a":"0.3262","A":"52773.3","T":1662022802824,"E":1662022802828}
{"e":"bookTicker","u":1875301705097,"s":"TURBOUSDT","b":"0.3261","B":"241612.6","a":"0.3262","A":"52773.3","T":1662022802832,"E":1662022802834}
{"e":"bookTicker","u":1875301705280,"s":"TURBOUSDT","b":"0.3261","B":"241281.7","a":"0.3262","A":"52773.3","T":1662022802837,"E":1662022802841}
{"e":"bookTicker","u":1875301706391,"s":"TURBOUSDT","b":"0.3261","B":"245618.9","a":"0.3262","A":"52773.3","T":1662022802865,"E":1662022802867}
{"e":"bookTicker","u":1875301709462,"s":"TURBOUSDT","b":"0.3261","B":"245618.9","a":"0.3262","A":"43273.3","T":1662022802956,"E":1662022802960}
{"e":"bookTicker","u":1875301711438,"s":"TURBOUSDT","b":"0.3261","B":"246571.1","a":"0.3262","A":"43273.3","T":1662022803008,"E":1662022803012}
{"e":"bookTicker","u":1875301711613,"s":"TURBOUSDT","b":"0.3261","B":"246571.1","a":"0.3262","A":"52773.3","T":1662022803011,"E":1662022803016}
{"e":"bookTicker","u":1875301713787,"s":"TURBOUSDT","b":"0.3261","B":"246058.2","a":"0.3262","A":"52773.3","T":1662022803063,"E":1662022803068}
{"e":"bookTicker","u":1875301713891,"s":"TURBOUSDT","b":"0.3261","B":"245823.8","a":"0.3262","A":"52773.3","T":1662022803066,"E":1662022803070}
{"e":"bookTicker","u":1875301714129,"s":"TURBOUSDT","b":"0.3261","B":"244871.6","a":"0.3262","A":"52773.3","T":1662022803073,"E":1662022803076}
{"e":"bookTicker","u":1875301714164,"s":"TURBOUSDT","b":"0.3261","B":"245823.8","a":"0.3262","A":"52773.3","T":1662022803074,"E":1662022803078}
{"e":"bookTicker","u":1875301714937,"s":"TURBOUSDT","b":"0.3261","B":"246395.9","a":"0.3262","A":"52773.3","T":1662022803097,"E":1662022803102}
{"e":"bookTicker","u":1875301715737,"s":"TURBOUSDT","b":"0.3261","B":"246395.9","a":"0.3262","A":"43273.3","T":1662022803123,"E":1662022803126}
{"e":"bookTicker","u":1875301718130,"s":"TURBOUSDT","b":"0.3261","B":"242058.7","a":"0.3262","A":"43273.3","T":1662022803199,"E":1662022803205}
{"e":"bookTicker","u":1875301718692,"s":"TURBOUSDT","b":"0.3261","B":"242079.5","a":"0.3262","A":"43273.3","T":1662022803213,"E":1662022803219}
{"e":"bookTicker","u":1875301719434,"s":"TURBOUSDT","b":"0.3261","B":"242079.5","a":"0.3262","A":"52773.3","T":1662022803236,"E":1662022803240}
{"e":"bookTicker","u":1875301719556,"s":"TURBOUSDT","b":"0.3261","B":"248138.2","a":"0.3262","A":"52773.3","T":1662022803241,"E":1662022803246}
{"e":"bookTicker","u":1875301719702,"s":"TURBOUSDT","b":"0.3261","B":"248138.2","a":"0.3262","A":"52789.4","T":1662022803245,"E":1662022803250}
{"e":"bookTicker","u":1875301723431,"s":"TURBOUSDT","b":"0.3261","B":"248138.2","a":"0.3262","A":"43289.4","T":1662022803337,"E":1662022803343}
{"e":"bookTicker","u":1875301725443,"s":"TURBOUSDT","b":"0.3261","B":"248138.2","a":"0.3262","A":"43162.0","T":1662022803375,"E":1662022803380}
{"e":"bookTicker","u":1875301725659,"s":"FISHUSDT","b":"0.13379","B":"2400","a":"0.13384","A":"1579","T":1662022803376,"E":1662022803380}
{"e":"bookTicker","u":1875301726544,"s":"TURBOUSDT","b":"0.3261","B":"243338.2","a":"0.3262","A":"43162.0","T":1662022803383,"E":1662022803388}
{"e":"bookTicker","u":1875301727721,"s":"TURBOUSDT","b":"0.3261","B":"248403.1","a":"0.3262","A":"43162.0","T":1662022803398,"E":1662022803404}
{"e":"bookTicker","u":1875301727391,"s":"FISHUSDT","b":"0.13380","B":"3000","a":"0.13384","A":"1579","T":1662022803395,"E":1662022803399}
{"e":"bookTicker","u":1875301728468,"s":"FISHUSDT","b":"0.13380","B":"4850","a":"0.13384","A":"1579","T":1662022803411,"E":1662022803416}
{"e":"bookTicker","u":1875301730009,"s":"TURBOUSDT","b":"0.3261","B":"248403.1","a":"0.3262","A":"33662.0","T":1662022803442,"E":1662022803448}
{"e":"bookTicker","u":1875301730266,"s":"TURBOUSDT","b":"0.3261","B":"248403.1","a":"0.3262","A":"33463.3","T":1662022803447,"E":1662022803452}
{"e":"bookTicker","u":1875301730369,"s":"FISHUSDT","b":"0.13380","B":"4850","a":"0.13384","A":"1366","T":1662022803448,"E":1662022803454}
{"e":"bookTicker","u":1875301731102,"s":"TURBOUSDT","b":"0.3261","B":"248403.1","a":"0.3262","A":"33163.3","T":1662022803457,"E":1662022803462}
{"e":"bookTicker","u":1875301731153,"s":"TURBOUSDT","b":"0.3261","B":"268035.9","a":"0.3262","A":"33163.3","T":1662022803457,"E":1662022803464}
{"e":"bookTicker","u":1875301732272,"s":"TURBOUSDT","b":"0.3261","B":"248403.1","a":"0.3262","A":"33163.3","T":1662022803476,"E":1662022803481}
{"e":"bookTicker","u":1875301732636,"s":"TURBOUSDT","b":"0.3261","B":"250953.1","a":"0.3262","A":"33163.3","T":1662022803482,"E":1662022803487}
{"e":"bookTicker","u":1875301733469,"s":"TURBOUSDT","b":"0.3261","B":"244894.4","a":"0.3262","A":"33163.3","T":1662022803500,"E":1662022803505}
{"e":"bookTicker","u":1875301734864,"s":"TURBOUSDT","b":"0.3261","B":"242344.4","a":"0.3262","A":"33163.3","T":1662022803533,"E":1662022803539}
{"e":"bookTicker","u":1875301735009,"s":"TURBOUSDT","b":"0.3261","B":"259829.9","a":"0.3262","A":"33163.3","T":1662022803536,"E":1662022803541}
{"e":"bookTicker","u":1875301735142,"s":"FISHUSDT","b":"0.13380","B":"4850","a":"0.13386","A":"2105","T":1662022803539,"E":1662022803544}
{"e":"bookTicker","u":1875301735211,"s":"FISHUSDT","b":"0.13381","B":"1850","a":"0.13386","A":"2105","T":1662022803541,"E":1662022803545}
{"e":"bookTicker","u":1875301735385,"s":"TURBOUSDT","b":"0.3261","B":"259829.9","a":"0.3262","A":"23663.3","T":1662022803545,"E":1662022803550}
{"e":"bookTicker","u":1875301736754,"s":"FISHUSDT","b":"0.13381","B":"1850","a":"0.13385","A":"3000","T":1662022803584,"E":1662022803589}
{"e":"bookTicker","u":1875301737057,"s":"TURBOUSDT","b":"0.3261","B":"259776.3","a":"0.3262","A":"23663.3","T":1662022803594,"E":1662022803599}
{"e":"bookTicker","u":1875301743186,"s":"TURBOUSDT","b":"0.3261","B":"259776.3","a":"0.3262","A":"16101.1","T":1662022803728,"E":1662022803733}
{"e":"bookTicker","u":1875301744131,"s":"TURBOUSDT","b":"0.3261","B":"262551.3","a":"0.3262","A":"16101.1","T":1662022803747,"E":1662022803752}
{"e":"bookTicker","u":1875301748291,"s":"TURBOUSDT","b":"0.3261","B":"262551.3","a":"0.3262","A":"15998.5","T":1662022803846,"E":1662022803850}
{"e":"bookTicker","u":1875301749053,"s":"TURBOUSDT","b":"0.3261","B":"262567.8","a":"0.3262","A":"15998.5","T":1662022803860,"E":1662022803865}
{"e":"bookTicker","u":1875301751736,"s":"TURBOUSDT","b":"0.3261","B":"262319.6","a":"0.3262","A":"15998.5","T":1662022803935,"E":1662022803940}
{"e":"bookTicker","u":1875301752083,"s":"TURBOUSDT","b":"0.3261","B":"262319.6","a":"0.3262","A":"20998.5","T":1662022803944,"E":1662022803949}
{"e":"bookTicker","u":1875301752466,"s":"TURBOUSDT","b":"0.3261","B":"262319.6","a":"0.3262","A":"15998.5","T":1662022803953,"E":1662022803958}
{"e":"bookTicker","u":1875301754463,"s":"TURBOUSDT","b":"0.3261","B":"262319.6","a":"0.3262","A":"22056.2","T":1662022803989,"E":1662022803995}
{"e":"bookTicker","u":1875301754749,"s":"TURBOUSDT","b":"0.3261","B":"244834.1","a":"0.3262","A":"22056.2","T":1662022803993,"E":1662022803998}
{"e":"bookTicker","u":1875301756621,"s":"TURBOUSDT","b":"0.3261","B":"244834.1","a":"0.3262","A":"31556.2","T":1662022804007,"E":1662022804013}
{"e":"bookTicker","u":1875301758583,"s":"TURBOUSDT","b":"0.3261","B":"244834.1","a":"0.3262","A":"41056.2","T":1662022804033,"E":1662022804038}
{"e":"bookTicker","u":1875301759466,"s":"FISHUSDT","b":"0.13381","B":"1850","a":"0.13385","A":"4708","T":1662022804047,"E":1662022804051}
{"e":"bookTicker","u":1875301759826,"s":"FISHUSDT","b":"0.13379","B":"2797","a":"0.13385","A":"4708","T":1662022804054,"E":1662022804057}
{"e":"bookTicker","u":1875301760192,"s":"FISHUSDT","b":"0.13379","B":"550","a":"0.13385","A":"4708","T":1662022804061,"E":1662022804067}
{"e":"bookTicker","u":1875301760362,"s":"FISHUSDT","b":"0.13379","B":"550","a":"0.13385","A":"5320","T":1662022804065,"E":1662022804069}
{"e":"bookTicker","u":1875301760429,"s":"FISHUSDT","b":"0.13379","B":"2400","a":"0.13385","A":"5320","T":1662022804065,"E":1662022804069}
{"e":"bookTicker","u":1875301760772,"s":"TURBOUSDT","b":"0.3261","B":"244834.1","a":"0.3262","A":"31556.2","T":1662022804075,"E":1662022804080}
{"e":"bookTicker","u":1875301761003,"s":"TURBOUSDT","b":"0.3261","B":"244834.1","a":"0.3262","A":"22056.2","T":1662022804081,"E":1662022804086}
{"e":"bookTicker","u":1875301761087,"s":"FISHUSDT","b":"0.13379","B":"2400","a":"0.13385","A":"9310","T":1662022804084,"E":1662022804088}
{"e":"bookTicker","u":1875301761096,"s":"FISHUSDT","b":"0.13379","B":"2400","a":"0.13384","A":"2000","T":1662022804085,"E":1662022804088}
{"e":"bookTicker","u":1875301761303,"s":"FISHUSDT","b":"0.13379","B":"2400","a":"0.13384","A":"15434","T":1662022804091,"E":1662022804094}
{"e":"bookTicker","u":1875301761308,"s":"FISHUSDT","b":"0.13379","B":"2400","a":"0.13384","A":"16129","T":1662022804091,"E":1662022804094}
{"e":"bookTicker","u":1875301761335,"s":"TURBOUSDT","b":"0.3261","B":"263546.6","a":"0.3262","A":"22056.2","T":1662022804092,"E":1662022804096}
{"e":"bookTicker","u":1875301761579,"s":"TURBOUSDT","b":"0.3261","B":"263546.6","a":"0.3262","A":"31556.2","T":1662022804099,"E":1662022804102}
{"e":"bookTicker","u":1875301761622,"s":"FISHUSDT","b":"0.13379","B":"2400","a":"0.13384","A":"16741","T":1662022804100,"E":1662022804105}
{"e":"bookTicker","u":1875301761658,"s":"FISHUSDT","b":"0.13379","B":"2400","a":"0.13384","A":"18591","T":1662022804101,"E":1662022804107}
{"e":"bookTicker","u":1875301762010,"s":"FISHUSDT","b":"0.13379","B":"2400","a":"0.13384","A":"20571","T":1662022804112,"E":1662022804116}
{"e":"bookTicker","u":1875301763079,"s":"TURBOUSDT","b":"0.3261","B":"275995.5","a":"0.3262","A":"31556.2","T":1662022804138,"E":1662022804144}
{"e":"bookTicker","u":1875301764640,"s":"FISHUSDT","b":"0.13379","B":"2400","a":"0.13383","A":"3000","T":1662022804172,"E":1662022804175}
{"e":"bookTicker","u":1875301766111,"s":"TURBOUSDT","b":"0.3261","B":"270930.6","a":"0.3262","A":"31556.2","T":1662022804203,"E":1662022804207}
{"e":"bookTicker","u":1875301766132,"s":"TURBOUSDT","b":"0.3261","B":"252218.1","a":"0.3262","A":"31556.2","T":1662022804203,"E":1662022804207}
{"e":"bookTicker","u":1875301766298,"s":"TURBOUSDT","b":"0.3261","B":"252153.9","a":"0.3262","A":"31556.2","T":1662022804208,"E":1662022804212}
{"e":"bookTicker","u":1875301766373,"s":"TURBOUSDT","b":"0.3261","B":"257222.3","a":"0.3262","A":"31556.2","T":1662022804209,"E":1662022804214}
{"e":"bookTicker","u":1875301766591,"s":"TURBOUSDT","b":"0.3261","B":"257289.3","a":"0.3262","A":"31556.2","T":1662022804214,"E":1662022804220}
{"e":"bookTicker","u":1875301767828,"s":"FISHUSDT","b":"0.13379","B":"2400","a":"0.13383","A":"4702","T":1662022804253,"E":1662022804258}
{"e":"bookTicker","u":1875301768007,"s":"TURBOUSDT","b":"0.3261","B":"275848.5","a":"0.3262","A":"31556.2","T":1662022804258,"E":1662022804262}
{"e":"bookTicker","u":1875301770707,"s":"TURBOUSDT","b":"0.3261","B":"278398.5","a":"0.3262","A":"31556.2","T":1662022804351,"E":1662022804355}
{"e":"bookTicker","u":1875301771379,"s":"TURBOUSDT","b":"0.3261","B":"275848.5","a":"0.3262","A":"31556.2","T":1662022804362,"E":1662022804368}
{"e":"bookTicker","u":1875301771496,"s":"TURBOUSDT","b":"0.3261","B":"257289.3","a":"0.3262","A":"31556.2","T":1662022804363,"E":1662022804368}
{"e":"bookTicker","u":1875301772189,"s":"TURBOUSDT","b":"0.3261","B":"257289.3","a":"0.3262","A":"38719.0","T":1662022804371,"E":1662022804375}
{"e":"bookTicker","u":1875301772457,"s":"TURBOUSDT","b":"0.3261","B":"257289.3","a":"0.3262","A":"48219.0","T":1662022804372,"E":1662022804379}
{"e":"bookTicker","u":1875301772752,"s":"TURBOUSDT","b":"0.3261","B":"257289.3","a":"0.3262","A":"57719.0","T":1662022804374,"E":1662022804382}
{"e":"bookTicker","u":1875301773425,"s":"TURBOUSDT","b":"0.3261","B":"254514.3","a":"0.3262","A":"57719.0","T":1662022804378,"E":1662022804388}
{"e":"bookTicker","u":1875301773592,"s":"TURBOUSDT","b":"0.3261","B":"245014.3","a":"0.3262","A":"57719.0","T":1662022804378,"E":1662022804391}
{"e":"bookTicker","u":1875301774172,"s":"TURBOUSDT","b":"0.3261","B":"240549.1","a":"0.3262","A":"57719.0","T":1662022804383,"E":1662022804393}
{"e":"bookTicker","u":1875301774206,"s":"TURBOUSDT","b":"0.3261","B":"234866.0","a":"0.3262","A":"57719.0","T":1662022804383,"E":1662022804393}
{"e":"bookTicker","u":1875301774256,"s":"TURBOUSDT","b":"0.3261","B":"226247.8","a":"0.3262","A":"57719.0","T":1662022804384,"E":1662022804393}
{"e":"bookTicker","u":1875301774266,"s":"TURBOUSDT","b":"0.3261","B":"219070.5","a":"0.3262","A":"57719.0","T":1662022804384,"E":1662022804393}
{"e":"bookTicker","u":1875301774278,"s":"TURBOUSDT","b":"0.3261","B":"219070.5","a":"0.3262","A":"93600.5","T":1662022804384,"E":1662022804393}
{"e":"bookTicker","u":1875301774369,"s":"TURBOUSDT","b":"0.3261","B":"193355.4","a":"0.3262","A":"93600.5","T":1662022804384,"E":1662022804394}
{"e":"bookTicker","u":1875301774418,"s":"TURBOUSDT","b":"0.3261","B":"169860.0","a":"0.3262","A":"93600.5","T":1662022804384,"E":1662022804395}
{"e":"bookTicker","u":1875301774645,"s":"TURBOUSDT","b":"0.3261","B":"169860.0","a":"0.3262","A":"112366.5","T":1662022804386,"E":1662022804397}
{"e":"bookTicker","u":1875301774726,"s":"TURBOUSDT","b":"0.3261","B":"168907.8","a":"0.3262","A":"112366.5","T":1662022804386,"E":1662022804397}
{"e":"bookTicker","u":1875301777417,"s":"TURBOUSDT","b":"0.3261","B":"168907.8","a":"0.3262","A":"112666.5","T":1662022804405,"E":1662022804417}
{"e":"bookTicker","u":1875301777590,"s":"TURBOUSDT","b":"0.3261","B":"165817.0","a":"0.3262","A":"112666.5","T":1662022804406,"E":1662022804417}
{"e":"bookTicker","u":1875301774417,"s":"FISHUSDT","b":"0.13379","B":"550","a":"0.13383","A":"4702","T":1662022804384,"E":1662022804395}
{"e":"bookTicker","u":1875301775045,"s":"FISHUSDT","b":"0.13379","B":"550","a":"0.13383","A":"6552","T":1662022804389,"E":1662022804400}
{"e":"bookTicker","u":1875301778502,"s":"TURBOUSDT","b":"0.3261","B":"165817.0","a":"0.3262","A":"112769.1","T":1662022804411,"E":1662022804426}
{"e":"bookTicker","u":1875301779898,"s":"TURBOUSDT","b":"0.3261","B":"165817.0","a":"0.3262","A":"114714.9","T":1662022804421,"E":1662022804431}
{"e":"bookTicker","u":1875301780678,"s":"TURBOUSDT","b":"0.3261","B":"163757.3","a":"0.3262","A":"114714.9","T":1662022804426,"E":1662022804437}
{"e":"bookTicker","u":1875301782391,"s":"TURBOUSDT","b":"0.3261","B":"151308.4","a":"0.3262","A":"114714.9","T":1662022804436,"E":1662022804447}
{"e":"bookTicker","u":1875301782587,"s":"TURBOUSDT","b":"0.3261","B":"141808.4","a":"0.3262","A":"114714.9","T":1662022804437,"E":1662022804448}
{"e":"bookTicker","u":1875301782757,"s":"TURBOUSDT","b":"0.3261","B":"141808.4","a":"0.3262","A":"125981.5","T":1662022804438,"E":1662022804448}
{"e":"bookTicker","u":1875301779800,"s":"FISHUSDT","b":"0.13379","B":"550","a":"0.13382","A":"1850","T":1662022804420,"E":1662022804431}
{"e":"bookTicker","u":1875301786594,"s":"TURBOUSDT","b":"0.3261","B":"141808.4","a":"0.3262","A":"139470.2","T":1662022804461,"E":1662022804475}
{"e":"bookTicker","u":1875301783790,"s":"FISHUSDT","b":"0.13379","B":"550","a":"0.13382","A":"3850","T":1662022804443,"E":1662022804455}
{"e":"bookTicker","u":1875301790767,"s":"TURBOUSDT","b":"0.3261","B":"141808.4","a":"0.3262","A":"168774.5","T":1662022804493,"E":1662022804505}
{"e":"bookTicker","u":1875301792841,"s":"TURBOUSDT","b":"0.3261","B":"141808.4","a":"0.3262","A":"173798.4","T":1662022804515,"E":1662022804522}
{"e":"bookTicker","u":1875301786734,"s":"FISHUSDT","b":"0.13379","B":"550","a":"0.13382","A":"5700","T":1662022804463,"E":1662022804475}
{"e":"bookTicker","u":1875301795603,"s":"TURBOUSDT","b":"0.3261","B":"136808.4","a":"0.3262","A":"173798.4","T":1662022804554,"E":1662022804560}
{"e":"bookTicker","u":1875301795724,"s":"TURBOUSDT","b":"0.3261","B":"136808.4","a":"0.3262","A":"190968.4","T":1662022804554,"E":1662022804560}
{"e":"bookTicker","u":1875301795844,"s":"TURBOUSDT","b":"0.3261","B":"134513.4","a":"0.3262","A":"190968.4","T":1662022804556,"E":1662022804560}
{"e":"bookTicker","u":1875301796847,"s":"TURBOUSDT","b":"0.3261","B":"134513.4","a":"0.3262","A":"173798.4","T":1662022804570,"E":1662022804575}
{"e":"bookTicker","u":1875301797846,"s":"TURBOUSDT","b":"0.3261","B":"144013.4","a":"0.3262","A":"173798.4","T":1662022804583,"E":1662022804588}
{"e":"bookTicker","u":1875301797908,"s":"TURBOUSDT","b":"0.3261","B":"144013.4","a":"0.3262","A":"190968.4","T":1662022804584,"E":1662022804588}
{"e":"bookTicker","u":1875301798544,"s":"TURBOUSDT","b":"0.3261","B":"144013.4","a":"0.3262","A":"173798.4","T":1662022804595,"E":1662022804599}
{"e":"bookTicker","u":1875301798822,"s":"TURBOUSDT","b":"0.3261","B":"153513.4","a":"0.3262","A":"173798.4","T":1662022804600,"E":1662022804603}
{"e":"bookTicker","u":1875301798912,"s":"TURBOUSDT","b":"0.3261","B":"153513.4","a":"0.3262","A":"164298.4","T":1662022804601,"E":1662022804605}